@BOOK{Kajnaran2012,
  author = {Кайнаран А. В.},
  title = {Бронепоезда 41-го: Юго-Западное направление},
  year = {2012},
  address = {Житомир},
  publisher = {Волынь},
  isbn = {978-966-690-162-3}
}

@BOOK{KajnaranMuravovJuschenko2017,
  author = {А. В. Кайнаран, Д. C. Муравов and М. В. Ющенко},
  title = {Киевский укрепленный район. 1941 год. Хроника обороны},
  publisher = {ПП Издательство ``Волынь''},
  year = {2017},
  edition = {(Серия ``История фортификации'')},
  isbn = {978-966-690-210-1},
}

@BOOK{Kolomiec2010,
  author = {Коломиец М. В.},
  title = {Советские бронепоезда в бою},
  publisher = {Стратегия КМ : Яуза :Эксмо},
  year = {2010},
  address = {Москва},
  isbn = {978-5-04-090589-8},
}

@BOOK{Haupt2007,
  author = {Werner Haupt},
  title = {Die groesste Kesselschlacht der Geschichte},
  publisher = {Doerfler Verlag GmbH},
  year = {2007},
  isbn = {978-389-555-526-8},
}

@BOOK{Kolomiec2010a,
  author = {Коломиец М. В.},
  title = {Бронепоезда Великой Отечественной "Сухопутные броненосцы" Красной Армии},
  publisher = {Яуза},
  year = {2010},
  address = {Москва},
}

@INBOOK{Kolomiec100,
  author = {Коломиец М. В.},
  pages = {100-101},
  year = {2010},
}
