
@ARTICLE{15_07_2020.fb.lnr.1,
  note = {\url{https://www.facebook.com/groups/LNRGUMO/permalink/2847502238694665/}},
  title = {Девушки-снайперы ВСУ со свастикой вошли в один из посёлков Донбасса},
}

